@online{HTM_YT,
  author = {How To Mechatronics},
  title  = {DIY Arduino Robot Arm with Smartphone Control},
  date   = {11.09.2018},
  url    = {https://www.youtube.com/watch?v=_B3gWd3A_SI},
  note   = {Data dostępu: 2022}
}

@book{skryptPR,
  title     = {Zbiór zadań z podstaw robotyki},
  author    = {Tadeusz Szkodny},
  year      = {2013},
  publisher = {Wydawnictwo Politechniki Śląskiej},
  address   = {Gliwice},
  isbn      = {978-83-7880-162-7}
}